
    <record>
      <header>
        <identifier>38</identifier>
        <datestamp>2006-01-12T01:01:01Z</datestamp>
      </header>
      <metadata>
        <collection xmlns="http://www.loc.gov/MARC21/slim" xsi:schemaLocation="http://www.loc.gov/MARC21/slim https://www.loc.gov/standards/marcxml/schema/MARC21slim.xsd">
          <record>
            <leader>cmm 22 4500</leader>
            <controlfield tag="001">ICPSR00038</controlfield>
            <controlfield tag="003">MiAaI</controlfield>
            <controlfield tag="006">m f a u</controlfield>
            <controlfield tag="007">cr mn mmmmuuuu</controlfield>
            <controlfield tag="008">190117s1984 miu f a eng d</controlfield>
            <datafield tag="035" ind1=" " ind2=" ">
              <subfield code="a">(MiAaI)ICPSR00038</subfield>
            </datafield>
            <datafield tag="040" ind1=" " ind2=" ">
              <subfield code="a">MiAaI</subfield>
              <subfield code="c">MiAaI</subfield>
            </datafield>
            <datafield tag="245" ind1="0" ind2="0">
              <subfield code="a">Data Confrontation Seminar, 1969</subfield>
              <subfield code="h">[electronic resource]</subfield>
              <subfield code="b">Comparative Socio-Political Data</subfield>
              <subfield code="c">Inter-university Consortium for Political and Social Research</subfield>
            </datafield>
            <datafield tag="250" ind1=" " ind2=" ">
              <subfield code="a">2006-01-12</subfield>
            </datafield>
            <datafield tag="260" ind1=" " ind2=" ">
              <subfield code="a">Ann Arbor, Mich.</subfield>
              <subfield code="b">Inter-university Consortium for Political and Social Research [distributor]</subfield>
              <subfield code="c">1984</subfield>
            </datafield>
            <datafield tag="490" ind1=" " ind2=" ">
              <subfield code="a">ICPSR</subfield>
              <subfield code="v">38</subfield>
            </datafield>
            <datafield tag="516" ind1=" " ind2=" ">
              <subfield code="a">Numeric</subfield>
            </datafield>
            <datafield tag="538" ind1=" " ind2=" ">
              <subfield code="a">Mode of access: Intranet.</subfield>
            </datafield>
            <datafield tag="500" ind1=" " ind2=" ">
              <subfield code="a">Title from ICPSR DDI metadata of 2019-01-17.</subfield>
            </datafield>
            <datafield tag="506" ind1=" " ind2=" ">
              <subfield code="a">AVAILABLE. This study is freely available to ICPSR member institutions.</subfield>
            </datafield>
            <datafield tag="530" ind1=" " ind2=" ">
              <subfield code="a">Also available as downloadable files.</subfield>
            </datafield>
            <datafield tag="522" ind1=" " ind2=" ">
              <subfield code="a">Denmark</subfield>
            </datafield>
            <datafield tag="522" ind1=" " ind2=" ">
              <subfield code="a">France</subfield>
            </datafield>
            <datafield tag="522" ind1=" " ind2=" ">
              <subfield code="a">Germany</subfield>
            </datafield>
            <datafield tag="522" ind1=" " ind2=" ">
              <subfield code="a">India</subfield>
            </datafield>
            <datafield tag="522" ind1=" " ind2=" ">
              <subfield code="a">Japan</subfield>
            </datafield>
            <datafield tag="522" ind1=" " ind2=" ">
              <subfield code="a">Netherlands</subfield>
            </datafield>
            <datafield tag="522" ind1=" " ind2=" ">
              <subfield code="a">Norway</subfield>
            </datafield>
            <datafield tag="522" ind1=" " ind2=" ">
              <subfield code="a">Poland</subfield>
            </datafield>
            <datafield tag="522" ind1=" " ind2=" ">
              <subfield code="a">Sweden</subfield>
            </datafield>
            <datafield tag="522" ind1=" " ind2=" ">
              <subfield code="a">Global</subfield>
            </datafield>
            <datafield tag="520" ind1="3" ind2=" ">
              <subfield code="a">This study contains selected electoral and demographic national data for nine nations in the 1950s and 1960s. The data were prepared for the Data Confrontation Seminar on the Use of Ecological Data in Comparative Cross-National Research held under the auspices of the Inter-university Consortium for Political and Social Research on April 1-18, 1969. One of the primary concerns of this international seminar was the need for cooperation in the development of data resources in order to facilitate exchange of data among individual scholars and research groups. Election returns for two or more national and/or local elections are provided for each of the nine nations, as well as ecological materials for at least two time points in the general period of the 1950s and 1960s. While each dataset was received at a single level of aggregation, the data have been further aggregated to at least a second level of aggregation. In most cases, the data can be supplied at the commune or municipality level and at the province or district level as well. Part 1 (Germany, Regierungsbezirke), Part 2 (Germany, Kreise), Part 3 (Germany, Lander), and Part 4 (Germany, Wahlkreise) contain data for all kreise, laender (states), administrative districts, and electoral districts for national elections in the period 1957-1969, and for state elections in the period 1946-1969, and ecological data from 1951 and 1961. Part 5 (France, Canton), and Part 6 (France, Departemente) contain data for the cantons and departements of two regions of France (West and Central) for the national elections of 1956, 1962, and 1967, and ecological data for the years 1954 and 1962. Data are provided for election returns for selected parties: Communist, Socialist, Radical, Federation de Gauche, and the Fifth Republic. Included are raw votes and percentage of total votes for each party. Ecological data provide information on total population, proportion of total population in rural areas, agriculture, industry, labor force, and middle class in 1954, as well as urbanization, crime rates, vital statistics, migration, housing, and the index of "comforts." Part 7 (Japan, Kanagawa Prefecture), Part 8 (Japan, House of Representatives Time Series), Part 9 (Japan, House of (Councilors (Time Series)), and Part 10 (Japan, Prefecture) contain data for the 46 prefectures for 15 national elections between 1949 and 1968, including data for all communities in the prefecture of Kanagawa for 13 national elections, returns for 8 House of Representatives' elections, 7 House of Councilors' elections, descriptive data from 4 national censuses, and ecological data for 1950, 1955, 1960, and 1965. Data are provided for total number of electorate, voters, valid votes, and votes cast by such groups as the Jiyu, Minshu, Kokkyo, Minji, Shakai, Kyosan, and Mushozoku for the Communist, Socialist, Conservative, Komei, and Independent parties for all the 46 prefectures. Population characteristics include age, sex, employment, marriage and divorce rates, total number of live births, deaths, households, suicides, Shintoists, Buddhists, and Christians, and labor union members, news media subscriptions, savings rate, and population density. Part 11 (India, Administrative Districts) and Part 12 (India, State) contain data for all administrative districts and all states and union territories for the national and state elections in 1952, 1957, 1962, 1965, and 1967, the 1958 legislative election, and ecological data from the national censuses of 1951 and 1961. Data are provided for total number of votes cast for the Congress, Communist, Jan Sangh, Kisan Mazdoor Praja, Socialist, Republican, Regional, and other parties, contesting candidates, electorate, valid votes, and the percentage of valid votes cast. Also included are votes cast for the Rightist, Christian Democratic, Center, Socialist, and Communist parties in the 1958 legislative election. Ecological data include total population, urban population, sex distribution, occupation, economically active population, education, literate population, and number of Buddhists, Christians, Hindus, Jainis, Moslems, Sikhs, and other religious groups. Part 13 (Norway, Province), and Part 14 (Norway, Commune) consist of the returns for four national elections in 1949, 1953, 1957, and 1961, and descriptive data from two national censuses. Data are provided for the total number of registered voters, valid votes, raw votes cast for the Communist, Labor, Liberal, Agrarian, Conservative, Christian Peoples parties, and other parties, and the percentage of total votes cast for each party. Data are also provided for total population by gender and age, economically active population, number of church services registered, and number of communes within each province, as well as percentagized number of population economically active in select industries, dissenters, and total population attending church. Part 15 (Norway, Year 1965) contains returns for national elections in 1961 and 1965 for 466 communes created by administrative reorganization in 1961, and ecological data from the 1960 census. Data are provided for total votes cast for the parties, and the number of registered voters. Other items specify the type of commune, region code, television coverage code, and politicization, two-day election, and periphery indexes. Part 16 (Sweden, Constituency) and Part 17 (Sweden, Commune) contain data for all communes, provinces, and constituencies for Parliamentary elections in 1948, 1952, 1956, and 1960, and ecological data from two national censuses for 1950 and 1960. Data are provided for total electorate, number of votes cast, raw votes, and percentage of votes cast for the Conservative, Agrarian, Liberal, Social Democratic, Communist, and other parties. Data are also provided for total population by gender, population economically active, number of salaried employees, and wage earners. Part 18 (Denmark, County) and Part 19 (Denmark, Commune) consist of data for all communes and provinces for the national elections of 1947, 1950, 1953, 1960, 1964, and 1966, and ecological data from the censuses of 1950 and 1960. Data are provided for total number of electorates and raw votes for the Social Democratic, Radical Liberal, Conservative, Liberal, Single-tax, Communist, Danish, German Minority parties, and other parties. Data are also provided for total and percentagized population by age and gender, industrially active population, and urbanization. Part 20 (Netherlands, Municipalities) consists of data for all municipalities, provinces, and economic-geographic areas for national elections in 1959 and 1963, and ecological data for 1954 and 1962 for total population and industrially active population by gender and age, urbanization, occupation, education, and religion. Part 21 (Poland, Poviats), Part 22 (Poland, Electoral Districts), and Part 23 (Poland, Voievodships) consist of data for all poviats, voievodships, and electoral districts for national elections in 1952, 1957, 1961, and 1965, two council elections, and ecological data for 1950, 1960, and 1965. Data are provided for total population by gender and age distribution, occupation, investments, communication media, industrially active population, number of dwelling units, farms, pigs, cattle, physicians, and population growth ratio in urban and rural areas. Items also specify the number of staff, employees, and council members in local councils in 1965. See the related collection, DATA CONFRONTATION SEMINAR, 1969: UNITED STATES DATA (ICPSR 0005).Cf: http://doi.org/10.3886/ICPSR00038.v1</subfield>
            </datafield>
            <datafield tag="505" ind1=" " ind2=" ">
              <subfield code="t">Germany, Regierungsbezirke</subfield>
            </datafield>
            <datafield tag="505" ind1=" " ind2=" ">
              <subfield code="t">Germany, Kreise</subfield>
            </datafield>
            <datafield tag="505" ind1=" " ind2=" ">
              <subfield code="t">Germany, Lander</subfield>
            </datafield>
            <datafield tag="505" ind1=" " ind2=" ">
              <subfield code="t">Germany, Wahlkreise</subfield>
            </datafield>
            <datafield tag="505" ind1=" " ind2=" ">
              <subfield code="t">France, Canton</subfield>
            </datafield>
            <datafield tag="505" ind1=" " ind2=" ">
              <subfield code="t">France, Departemente</subfield>
            </datafield>
            <datafield tag="505" ind1=" " ind2=" ">
              <subfield code="t">Japan, Kanagawa Prefecture</subfield>
            </datafield>
            <datafield tag="505" ind1=" " ind2=" ">
              <subfield code="t">Japan, House of Representatives Time Series</subfield>
            </datafield>
            <datafield tag="505" ind1=" " ind2=" ">
              <subfield code="t">Japan, House of Councilors (Time Series)</subfield>
            </datafield>
            <datafield tag="505" ind1=" " ind2=" ">
              <subfield code="t">Japan, Prefecture</subfield>
            </datafield>
            <datafield tag="505" ind1=" " ind2=" ">
              <subfield code="t">India, Administrative District</subfield>
            </datafield>
            <datafield tag="505" ind1=" " ind2=" ">
              <subfield code="t">India, State</subfield>
            </datafield>
            <datafield tag="505" ind1=" " ind2=" ">
              <subfield code="t">Norway, Province</subfield>
            </datafield>
            <datafield tag="505" ind1=" " ind2=" ">
              <subfield code="t">Norway, Commune</subfield>
            </datafield>
            <datafield tag="505" ind1=" " ind2=" ">
              <subfield code="t">Norway, Year 1965</subfield>
            </datafield>
            <datafield tag="505" ind1=" " ind2=" ">
              <subfield code="t">Sweden, Constituency</subfield>
            </datafield>
            <datafield tag="505" ind1=" " ind2=" ">
              <subfield code="t">Sweden, Commune</subfield>
            </datafield>
            <datafield tag="505" ind1=" " ind2=" ">
              <subfield code="t">Denmark, County</subfield>
            </datafield>
            <datafield tag="505" ind1=" " ind2=" ">
              <subfield code="t">Denmark, Commune</subfield>
            </datafield>
            <datafield tag="505" ind1=" " ind2=" ">
              <subfield code="t">Netherlands, Municipalities</subfield>
            </datafield>
            <datafield tag="505" ind1=" " ind2=" ">
              <subfield code="t">Poland, Poviats</subfield>
            </datafield>
            <datafield tag="505" ind1=" " ind2=" ">
              <subfield code="t">Poland, Electoral Districts</subfield>
            </datafield>
            <datafield tag="505" ind1=" " ind2=" ">
              <subfield code="t">Poland, Voievodships</subfield>
            </datafield>
            <datafield tag="567" ind1=" " ind2=" ">
              <subfield code="a">Germany, France, Japan, India, Norway, Sweden, Denmark, Netherlands, and Poland, in 1969.</subfield>
            </datafield>
            <datafield tag="650" ind1=" " ind2="7">
              <subfield code="a">administrative divisions</subfield>
              <subfield code="2">icpsr</subfield>
            </datafield>
            <datafield tag="650" ind1=" " ind2="7">
              <subfield code="a">agriculture</subfield>
              <subfield code="2">icpsr</subfield>
            </datafield>
            <datafield tag="650" ind1=" " ind2="7">
              <subfield code="a">census data</subfield>
              <subfield code="2">icpsr</subfield>
            </datafield>
            <datafield tag="650" ind1=" " ind2="7">
              <subfield code="a">crime rates</subfield>
              <subfield code="2">icpsr</subfield>
            </datafield>
            <datafield tag="650" ind1=" " ind2="7">
              <subfield code="a">election returns</subfield>
              <subfield code="2">icpsr</subfield>
            </datafield>
            <datafield tag="650" ind1=" " ind2="7">
              <subfield code="a">housing</subfield>
              <subfield code="2">icpsr</subfield>
            </datafield>
            <datafield tag="650" ind1=" " ind2="7">
              <subfield code="a">industry</subfield>
              <subfield code="2">icpsr</subfield>
            </datafield>
            <datafield tag="650" ind1=" " ind2="7">
              <subfield code="a">labor force</subfield>
              <subfield code="2">icpsr</subfield>
            </datafield>
            <datafield tag="650" ind1=" " ind2="7">
              <subfield code="a">national elections</subfield>
              <subfield code="2">icpsr</subfield>
            </datafield>
            <datafield tag="650" ind1=" " ind2="7">
              <subfield code="a">occupations</subfield>
              <subfield code="2">icpsr</subfield>
            </datafield>
            <datafield tag="650" ind1=" " ind2="7">
              <subfield code="a">political parties</subfield>
              <subfield code="2">icpsr</subfield>
            </datafield>
            <datafield tag="650" ind1=" " ind2="7">
              <subfield code="a">population characteristics</subfield>
              <subfield code="2">icpsr</subfield>
            </datafield>
            <datafield tag="650" ind1=" " ind2="7">
              <subfield code="a">population migration</subfield>
              <subfield code="2">icpsr</subfield>
            </datafield>
            <datafield tag="650" ind1=" " ind2="7">
              <subfield code="a">urbanization</subfield>
              <subfield code="2">icpsr</subfield>
            </datafield>
            <datafield tag="650" ind1=" " ind2="7">
              <subfield code="a">voter attitudes</subfield>
              <subfield code="2">icpsr</subfield>
            </datafield>
            <datafield tag="653" ind1="0" ind2=" ">
              <subfield code="a">IDRC III. Electoral Systems and Political Behavior</subfield>
            </datafield>
            <datafield tag="653" ind1="0" ind2=" ">
              <subfield code="a">IDRC VII. Public Opinion Data</subfield>
            </datafield>
            <datafield tag="653" ind1="0" ind2=" ">
              <subfield code="a">ICPSR XIV.A.4.b. Mass Political Behavior and Attitudes, Historical and Contemporary Electoral Processes, Merged Electoral and Ecological Data, Nations Other Than the United States</subfield>
            </datafield>
            <datafield tag="653" ind1="0" ind2=" ">
              <subfield code="a">IDRC VI. Human Dimension of International Relations</subfield>
            </datafield>
            <datafield tag="710" ind1="2" ind2=" ">
              <subfield code="a">Inter-university Consortium for Political and Social Research</subfield>
            </datafield>
            <datafield tag="710" ind1="2" ind2=" ">
              <subfield code="a">Inter-university Consortium for Political and Social Research.</subfield>
            </datafield>
            <datafield tag="830" ind1=" " ind2="0">
              <subfield code="a">ICPSR (Series)</subfield>
              <subfield code="v">38</subfield>
            </datafield>
            <datafield tag="856" ind1="4" ind2="0">
              <subfield code="z">Access restricted ; authentication may be required:</subfield>
              <subfield code="u">http://doi.org/10.3886/ICPSR00038.v1</subfield>
            </datafield>
          </record>
        </collection>
      </metadata>
    </record>